% !TeX encoding = UTF-8

@book{abcPhysik.1989,
    author = {Lenk, R.},
    year = {1989},
    title = {ABC~Brockhaus Physik},
    address = {Leipzig},
    publisher = {Brockhaus}
}

@article{Glowacki.2012,
    author = {{Daniel G{\l}owacki}, Eric and Leonat, Lucia and Irimia-Vladu, Mihai and Schw{\"{o}}diauer, Reinhard and Ullah, Mujeeb and Sitter, Helmut and Bauer, Siegfried and {Serdar Sariciftci}, Niyazi},
    doi = {10.1063/1.4736579},
    issn = {00036951},
    journal = {Appl. Phys. Lett.},
    number = {2},
    pages = {1--5},
    pmid = {19765655},
    title = {{Intermolecular hydrogen-bonded organic semiconductors-Quinacridone versus pentacene}},
    volume = {101},
    year = {2012}
}
